@ARTICLE{Clark:2009,
  TITLE="Courtship dives of Annaâ€™s hummingbird offer insights into flight performance limits",
  AUTHOR="Christopher James Clark",
  JOURNAL="Proceedings of the Royal Society",
  YEAR="2009",
}

@ARTICLE{Bennet:1967,
  TITLE="THE JUMP OF THE FLEA: A STUDY OF THE ENERGETICS AND A MODEL OF THE MECHANISM",
  AUTHOR="H.C. Bennet-Clark, E.C.A. Lucey",
  JOURNAL="Journal of Experimental Biology",
  YEAR="1967",
}