@ARTICLE{Clark:2009,
  TITLE="Courtship dives of Annaâ€™s hummingbird offer 
  insights into flight performance limits",
  AUTHOR="Christopher James Clark",
  JOURNAL="Proceedings of the Royal Society",
  YEAR="2009",
}